<record><leader>00000cas a22000007a 4500</leader><controlfield tag="001">12959100</controlfield><controlfield tag="008">851230d18791893wvuwr ne      0    0eng d</controlfield><datafield ind1=" " ind2=" " tag="010"><subfield code="a">sn 85059890 </subfield></datafield><datafield ind1=" " ind2=" " tag="040"><subfield code="a">WVC</subfield><subfield code="b">eng</subfield><subfield code="c">WVC</subfield><subfield code="d">DLC</subfield><subfield code="d">WVC</subfield><subfield code="d">OCL</subfield><subfield code="d">OCLCQ</subfield></datafield><datafield ind1=" " ind2=" " tag="042"><subfield code="a">msc</subfield></datafield><datafield ind1="0" ind2="0" tag="050"><subfield code="a">Newspaper 10185-X</subfield></datafield><datafield ind1="0" ind2=" " tag="130"><subfield code="a">Weston republican (Weston, W. Va. : 1879)</subfield></datafield><datafield ind1="1" ind2="4" tag="245"><subfield code="a">The Weston republican.</subfield></datafield><datafield ind1="1" ind2="3" tag="246"><subfield code="a">Republican</subfield></datafield><datafield ind1=" " ind2=" " tag="260"><subfield code="a">Weston, W. Va. :</subfield><subfield code="b">J.J. Peterson,</subfield><subfield code="c">-1893.</subfield></datafield><datafield ind1=" " ind2=" " tag="300"><subfield code="a">v. ;</subfield><subfield code="c">61 cm.</subfield></datafield><datafield ind1=" " ind2=" " tag="310"><subfield code="a">Weekly</subfield></datafield><datafield ind1="1" ind2=" " tag="362"><subfield code="a">Began Jan., 1879.</subfield><subfield code="z">Cf. Hardesty, H.H. Hardesty's Historical and Geographical Encyclopedia ... Lewis, Upshur and Barbour Counties.</subfield></datafield><datafield ind1="0" ind2=" " tag="362"><subfield code="a">-v. 14, no. 3 (Feb. 25, 1893).</subfield></datafield><datafield ind1=" " ind2=" " tag="500"><subfield code="a">Publishers: James B. Peterson, 1879-1881; Joseph B. Heff, 1881-1882; Dr. Matthew S. Holt, 1882-1893.</subfield></datafield><datafield ind1=" " ind2=" " tag="500"><subfield code="a">"Republican." Cf. Ayer, 1892.</subfield></datafield><datafield ind1=" " ind2=" " tag="588"><subfield code="a">Description based on: Vol. 1, no. 49 (Jan. 10, 1880).</subfield></datafield><datafield ind1=" " ind2=" " tag="752"><subfield code="a">United States</subfield><subfield code="b">West Virginia</subfield><subfield code="c">Lewis</subfield><subfield code="d">Weston.</subfield></datafield><datafield ind1="0" ind2="0" tag="785"><subfield code="t">State times (Weston, W. Va.)</subfield><subfield code="w">(DLC)sn 85059885</subfield></datafield><datafield ind1="1" ind2=" " tag="029"><subfield code="a">AU@</subfield><subfield code="b">000023396091</subfield></datafield></record>